<collection xmlns="http://www.loc.gov/MARC21/slim"><record><leader>00767nam  2200229   450</leader><controlfield tag="001">853</controlfield><controlfield tag="003">http://montalegre.opacnet.com/OPAC/default.aspx?ContentAreaControl=ShowRegHoldings.ascx&amp;RegNo=16662</controlfield><datafield tag="095" ind1=" " ind2=" "><subfield code="a">PTBN00034898</subfield></datafield><datafield tag="100" ind1=" " ind2=" "><subfield code="a">19850701d1985    m  y0pora010305  ba</subfield></datafield><datafield tag="101" ind1="1" ind2=" "><subfield code="a">por</subfield><subfield code="c">ger</subfield></datafield><datafield tag="102" ind1=" " ind2=" "><subfield code="a">PT</subfield></datafield><datafield tag="200" ind1="1" ind2=" "><subfield code="a">&lt;O &gt;pequeno fantasma</subfield><subfield code="f">Otfried Preussler</subfield><subfield code="g">il. F. J. Tripp</subfield><subfield code="g">trad. Cristina Rodriguez</subfield></datafield><datafield tag="210" ind1=" " ind2=" "><subfield code="a">Lisboa</subfield><subfield code="c">Círculo de Leitores</subfield><subfield code="d">imp. 1985</subfield></datafield><datafield tag="215" ind1=" " ind2=" "><subfield code="a">137 p.</subfield><subfield code="c">il.</subfield><subfield code="d">21 cm</subfield></datafield><datafield tag="225" ind1="2" ind2=" "><subfield code="a">Arlequim</subfield></datafield><datafield tag="304" ind1=" " ind2=" "><subfield code="a">Tít. orig. Das kleine Gespenst</subfield></datafield><datafield tag="675" ind1=" " ind2=" "><subfield code="a">087.5</subfield><subfield code="z">por</subfield></datafield><datafield tag="700" ind1=" " ind2="1"><subfield code="a">Preussler</subfield><subfield code="b">Otfried</subfield></datafield><datafield tag="702" ind1=" " ind2="1"><subfield code="a">Tripp</subfield><subfield code="b">J. F.</subfield><subfield code="4">440</subfield></datafield><datafield tag="702" ind1=" " ind2="1"><subfield code="a">Rodrigues</subfield><subfield code="b">Cristina</subfield><subfield code="4">730</subfield></datafield><datafield tag="801" ind1=" " ind2="0"><subfield code="a">PT</subfield><subfield code="b">Biblioteca Municipal de Montalegre</subfield><subfield code="g">RPC</subfield></datafield><datafield tag="856" ind1=" " ind2=" "><subfield code="u">locateMedia.asp?cod=20060627103756&amp;ext=jpg</subfield><subfield code="z">CAPA</subfield></datafield><datafield tag="909" ind1="&#9;" ind2=" "><subfield code="a">1</subfield></datafield><datafield tag="966" ind1=" " ind2=" "><subfield code="a">0001339</subfield><subfield code="l">BMM</subfield><subfield code="s">SJ 087.5 PRE peq</subfield></datafield></record></collection>